<?xml version="1.0" encoding="UTF-8"?>
<collection xmlns="http://www.loc.gov/MARC21/slim" xmlns:xlink="http://www.w3.org/TR/xlink" xmlns:marc="http://www.loc.gov/MARC21/slim">
	
   <record type="Bibliographic">
      <leader>00957cam  22003138a 4500</leader>
      <controlfield tag="001">691862  </controlfield>
      <controlfield tag="005">20010313125545.0    </controlfield>
      <controlfield tag="008">961125s1997    nyu           000 1 eng           </controlfield>
      <controlfield tag="003">DLC</controlfield>
      <datafield tag="035" ind1=" " ind2=" ">
			
		
      </datafield>
      <datafield tag="010" ind1=" " ind2=" ">
			
         <subfield code="a">   96037888     </subfield>
		
      </datafield>
      <datafield tag="020" ind1=" " ind2=" ">
			
         <subfield code="a">067960250X    </subfield>
		
      </datafield>
      <datafield tag="040" ind1=" " ind2=" ">
			
         <subfield code="a">DLC</subfield>
			
         <subfield code="c">DLC</subfield>
			
         <subfield code="d">OCoLC</subfield>
			
         <subfield code="d">DLC      </subfield>
		
      </datafield>
      <datafield tag="043" ind1=" " ind2=" ">
			
         <subfield code="a">n-us-il</subfield>
			
         <subfield code="a">n-us-ny     </subfield>
		
      </datafield>
      <datafield tag="050" ind1="1" ind2="0">
			
         <subfield code="a">PS3507.R55</subfield>
			
         <subfield code="b">S5 1997      </subfield>
		
      </datafield>
      <datafield tag="082" ind1="0" ind2="0">
			
         <subfield code="a">813/.52</subfield>
			
         <subfield code="2">21    </subfield>
		
      </datafield>
      <datafield tag="100" ind1="1" ind2=" ">
			
         <subfield code="a">Dreiser, Theodore,</subfield>
			
         <subfield code="d">1871-1945.        </subfield>
		
      </datafield>
      <datafield tag="245" ind1="1" ind2="0">
			
         <subfield code="a">Sister Carrie /</subfield>
			
         <subfield code="c">Theodore Dreiser.         </subfield>
		
      </datafield>
      <datafield tag="260" ind1=" " ind2=" ">
			
         <subfield code="a">New York :</subfield>
			
         <subfield code="b">Modern Library,</subfield>
			
         <subfield code="c">1997.         </subfield>
		
      </datafield>
      <datafield tag="250" ind1=" " ind2=" ">
			
         <subfield code="a">Modern Library ed.</subfield>
		
      </datafield>
      <datafield tag="263" ind1=" " ind2=" ">
			
         <subfield code="a">9708   </subfield>
		
      </datafield>
      <datafield tag="300" ind1=" " ind2=" ">
			
         <subfield code="a">xvii, 659 p. ; </subfield>
			
         <subfield code="c">20cm.</subfield>
		
      </datafield>
      <datafield tag="650" ind1=" " ind2="0">
			
         <subfield code="a">Young women</subfield>
			
         <subfield code="x">Fiction.      </subfield>
		
      </datafield>
      <datafield tag="650" ind1=" " ind2="0">
			
         <subfield code="a">Mistresses</subfield>
			
         <subfield code="x">Fiction.      </subfield>
		
      </datafield>
      <datafield tag="651" ind1=" " ind2="0">
			
         <subfield code="a">New York (N.Y.)</subfield>
			
         <subfield code="x">Fiction.       </subfield>
		
      </datafield>
      <datafield tag="651" ind1=" " ind2="0">
			
         <subfield code="a">Chicago (Ill.)</subfield>
			
         <subfield code="x">Fiction.       </subfield>
		
      </datafield>
      <datafield tag="655" ind1=" " ind2="7">
			
         <subfield code="a">Didactic fiction.</subfield>
			
         <subfield code="2">gsafd       </subfield>
		
      </datafield>
   </record>