
	
   <record type="Bibliographic">
      <leader>01052cam  2200313 i 4500</leader>
      <controlfield tag="001">2300110   </controlfield>
      <controlfield tag="005">20010313125533.0    </controlfield>
      <controlfield tag="008">801010s1981    paua     b    000 1 eng           </controlfield>
      <controlfield tag="003">DLC</controlfield>
      <datafield tag="035" ind1=" " ind2=" ">
			
		
      </datafield>
      <datafield tag="010" ind1=" " ind2=" ">
			
         <subfield code="a">   80050691     </subfield>
		
      </datafield>
      <datafield tag="020" ind1=" " ind2=" ">
			
         <subfield code="a">0812277848    </subfield>
		
      </datafield>
      <datafield tag="020" ind1=" " ind2=" ">
			
         <subfield code="a">0812211103 (pbk.)     </subfield>
		
      </datafield>
      <datafield tag="040" ind1=" " ind2=" ">
			
         <subfield code="a">DLC</subfield>
			
         <subfield code="c">DLC</subfield>
			
         <subfield code="d">DLC     </subfield>
		
      </datafield>
      <datafield tag="050" ind1="0" ind2="0">
			
         <subfield code="a">PS3507.R55</subfield>
			
         <subfield code="b">S5 1981      </subfield>
		
      </datafield>
      <datafield tag="082" ind1="0" ind2="0">
			
         <subfield code="a">813/.52</subfield>
			
         <subfield code="2">19    </subfield>
		
      </datafield>
      <datafield tag="100" ind1="1" ind2=" ">
			
         <subfield code="a">Dreiser, Theodore,</subfield>
			
         <subfield code="d">1871-1945.        </subfield>
		
      </datafield>
      <datafield tag="245" ind1="1" ind2="0">
			
         <subfield code="a">Sister Carrie /</subfield>
			
         <subfield code="c">Theodore Dreiser.         </subfield>
		
      </datafield>
      <datafield tag="250" ind1=" " ind2=" ">
			
         <subfield code="a">The Pennsylvania ed.      </subfield>
		
      </datafield>
      <datafield tag="260" ind1=" " ind2=" ">
			
         <subfield code="a">[Philadelphia, Pa.] :</subfield>
			
         <subfield code="b">University of Pennsylvania Press,</subfield>
			
         <subfield code="c">1981.               </subfield>
		
      </datafield>
      <datafield tag="300" ind1=" " ind2=" ">
			
         <subfield code="a">xi, 679 p. :</subfield>
			
         <subfield code="b">ill. ;</subfield>
			
         <subfield code="c">24 cm.        </subfield>
		
      </datafield>
      <datafield tag="504" ind1=" " ind2=" ">
			
         <subfield code="a">Includes bibliographical references.         </subfield>
		
      </datafield>
      <datafield tag="650" ind1=" " ind2="0">
			
         <subfield code="a">Young women</subfield>
			
         <subfield code="x">Fiction.      </subfield>
		
      </datafield>
      <datafield tag="650" ind1=" " ind2="0">
			
         <subfield code="a">Mistresses</subfield>
			
         <subfield code="x">Fiction.      </subfield>
		
      </datafield>
      <datafield tag="651" ind1=" " ind2="0">
			
         <subfield code="a">New York (N.Y.)</subfield>
			
         <subfield code="x">Fiction.       </subfield>
		
      </datafield>
      <datafield tag="651" ind1=" " ind2="0">
			
         <subfield code="a">Chicago (Ill.)</subfield>
			
         <subfield code="x">Fiction.       </subfield>
		
      </datafield>
      <datafield tag="655" ind1=" " ind2="7">
			
         <subfield code="a">Didactic fiction.</subfield>
			
         <subfield code="2">gsafd       </subfield>
		
      </datafield>
      <datafield tag="600" ind1="1" ind2="0">
			
         <subfield code="a">Dreiser, Theodore,</subfield>
			
         <subfield code="d">1871-1945.</subfield>
			
         <subfield code="t">Sister Carrie.           </subfield>
		
      </datafield>
   </record>