
	
   <record type="Bibliographic">
      <leader>00973cam  2200289   4500</leader>
      <controlfield tag="001">2649689   </controlfield>
      <controlfield tag="005">20010313124850.0    </controlfield>
      <controlfield tag="008">690714r1969    nyu           000 1 eng           </controlfield>
      <controlfield tag="003">DLC</controlfield>
      <datafield tag="035" ind1=" " ind2=" ">
			
		
      </datafield>
      <datafield tag="010" ind1=" " ind2=" ">
			
         <subfield code="a">   68054227     </subfield>
		
      </datafield>
      <datafield tag="040" ind1=" " ind2=" ">
			
         <subfield code="a">DLC</subfield>
			
         <subfield code="c">DLC</subfield>
			
         <subfield code="d">DLC     </subfield>
		
      </datafield>
      <datafield tag="050" ind1="0" ind2="0">
			
         <subfield code="a">PZ3.D814</subfield>
			
         <subfield code="b">S39</subfield>
			
         <subfield code="a">PS3507.R55       </subfield>
		
      </datafield>
      <datafield tag="082" ind1="0" ind2="0">
			
         <subfield code="a">813/.5/2    </subfield>
		
      </datafield>
      <datafield tag="100" ind1="1" ind2=" ">
			
         <subfield code="a">Dreiser, Theodore,</subfield>
			
         <subfield code="d">1871-1945.        </subfield>
		
      </datafield>
      <datafield tag="245" ind1="1" ind2="0">
			
         <subfield code="a">Sister Carrie.     </subfield>
		
      </datafield>
      <datafield tag="250" ind1=" " ind2=" ">
			
         <subfield code="a">An abridged ed.</subfield>
			
         <subfield code="b">by Theodore Dreiser and Arthur Henry. With a new introd. by Jack Salzman.                    </subfield>
		
      </datafield>
      <datafield tag="260" ind1=" " ind2=" ">
			
         <subfield code="a">New York,</subfield>
			
         <subfield code="b">Johnson Reprint Corp.,</subfield>
			
         <subfield code="c">1969.          </subfield>
		
      </datafield>
      <datafield tag="300" ind1=" " ind2=" ">
			
         <subfield code="a">x, 357 p.</subfield>
			
         <subfield code="c">21 cm.     </subfield>
		
      </datafield>
      <datafield tag="490" ind1="0" ind2=" ">
			
         <subfield code="a">Belles lettres in English       </subfield>
		
      </datafield>
      <datafield tag="650" ind1=" " ind2="0">
			
         <subfield code="a">Young women</subfield>
			
         <subfield code="x">Fiction.      </subfield>
		
      </datafield>
      <datafield tag="650" ind1=" " ind2="0">
			
         <subfield code="a">Mistresses</subfield>
			
         <subfield code="x">Fiction.      </subfield>
		
      </datafield>
      <datafield tag="651" ind1=" " ind2="0">
			
         <subfield code="a">New York (N.Y.)</subfield>
			
         <subfield code="x">Fiction.       </subfield>
		
      </datafield>
      <datafield tag="651" ind1=" " ind2="0">
			
         <subfield code="a">Chicago (Ill.)</subfield>
			
         <subfield code="x">Fiction.       </subfield>
		
      </datafield>
      <datafield tag="655" ind1=" " ind2="7">
			
         <subfield code="a">Didactic fiction.</subfield>
			
         <subfield code="2">gsafd       </subfield>
		
      </datafield>
      <datafield tag="700" ind1="1" ind2=" ">
			
         <subfield code="a">Henry, Arthur,</subfield>
			
         <subfield code="d">1867-1934.       </subfield>
		
      </datafield>
   </record>