
	
   <record type="Bibliographic">
      <leader>01260cim  22003491  4500</leader>
      <controlfield tag="001">12045511   </controlfield>
      <controlfield tag="005">20001006095103.0    </controlfield>
      <controlfield tag="007">ssu-msnna-----    </controlfield>
      <controlfield tag="007">st|oundmbunnue    </controlfield>
      <controlfield tag="008">780315s19uu    flu  n         l    eng           </controlfield>
      <controlfield tag="003">DLC</controlfield>
      <datafield tag="035" ind1=" " ind2=" ">
			
         <subfield code="a">(OCoLC)ocm03719351      </subfield>
		
      </datafield>
      <datafield tag="010" ind1=" " ind2=" ">
			
         <subfield code="a">   99568173     </subfield>
		
      </datafield>
      <datafield tag="028" ind1="0" ind2="2">
			
         <subfield code="a">105</subfield>
			
         <subfield code="b">Everett/Edwards,      </subfield>
		
      </datafield>
      <datafield tag="040" ind1=" " ind2=" ">
			
         <subfield code="a">DLC</subfield>
			
         <subfield code="c">IU</subfield>
			
         <subfield code="d">DLC    </subfield>
		
      </datafield>
      <datafield tag="042" ind1=" " ind2=" ">
			
         <subfield code="a">lcderive    </subfield>
		
      </datafield>
      <datafield tag="050" ind1="0" ind2="0">
			
         <subfield code="a">RYC 1776    </subfield>
		
      </datafield>
      <datafield tag="050" ind1="0" ind2="0">
			
         <subfield code="a">LWO 12316 r11 A3;B1 (preservation master)          </subfield>
		
      </datafield>
      <datafield tag="100" ind1="1" ind2=" ">
			
         <subfield code="a">Grebstein, Sheldon Norman.       </subfield>
		
      </datafield>
      <datafield tag="245" ind1="0" ind2="0">
			
         <subfield code="a">Sister Carrie (Theodore Dreiser).</subfield>
			
         <subfield code="h">[Sound recording]</subfield>
			
         <subfield code="c">Lecturer, Sheldon Grebstein.                  </subfield>
		
      </datafield>
      <datafield tag="260" ind1=" " ind2=" ">
			
         <subfield code="a">Deland, Fla.,</subfield>
			
         <subfield code="b">Everett/Edwards,</subfield>
			
         <subfield code="c">p1970.          </subfield>
		
      </datafield>
      <datafield tag="300" ind1=" " ind2=" ">
			
         <subfield code="a">1 cassette.</subfield>
			
         <subfield code="b">1/2 track.</subfield>
			
         <subfield code="c">mono.        </subfield>
		
      </datafield>
      <datafield tag="306" ind1=" " ind2=" ">
			
         <subfield code="a">003500   </subfield>
		
      </datafield>
      <datafield tag="440" ind1=" " ind2="0">
			
         <subfield code="a">20th century American novel       </subfield>
		
      </datafield>
      <datafield tag="490" ind1="0" ind2=" ">
			
         <subfield code="a">Cassette curriculum      </subfield>
		
      </datafield>
      <datafield tag="500" ind1=" " ind2=" ">
			
         <subfield code="a">Duration : 35 min.      </subfield>
		
      </datafield>
      <datafield tag="533" ind1=" " ind2=" ">
			
         <subfield code="a">Preservation master</subfield>
			
         <subfield code="b">Washington, D.C.</subfield>
			
         <subfield code="c">Library of Congress Magnetic Recording Laboratory.</subfield>
			
         <subfield code="d">1978.</subfield>
			
         <subfield code="e">On 1 sound tape reel : analog, 7 1/2 ips, 2 track, mono. ; 10 in.                                   </subfield>
		
      </datafield>
      <datafield tag="590" ind1=" " ind2=" ">
			
         <subfield code="a">262 conversion.     </subfield>
		
      </datafield>
      <datafield tag="590" ind1=" " ind2=" ">
			
         <subfield code="a">305 conversion.     </subfield>
		
      </datafield>
      <datafield tag="600" ind1="1" ind2="0">
			
         <subfield code="a">Dreiser, Theodore,</subfield>
			
         <subfield code="d">1871-1945.</subfield>
			
         <subfield code="t">Sister Carrie.           </subfield>
		
      </datafield>
      <datafield tag="740" ind1="0" ind2=" ">
			
         <subfield code="a">Sister Carrie (Theodore Dreiser).         </subfield>
		
      </datafield>
   </record>

</collection>